<?xml version="1.0" encoding="UTF-8"?><record xmlns="http://www.loc.gov/MARC21/slim" xmlns:cinclude="http://apache.org/cocoon/include/1.0" xmlns:zs="http://www.loc.gov/zing/srw/">
  <leader>00705nz  a2200205n  4500</leader>
  <controlfield tag="001">n 2015251926</controlfield>
  <controlfield tag="003">DLC</controlfield>
  <controlfield tag="005">20151205015924.0</controlfield>
  <controlfield tag="008">151205n| azannaabn          |a aaa      </controlfield>
  <datafield tag="010" ind1=" " ind2=" ">
    <subfield code="a">n 2015251926</subfield>
  </datafield>
  <datafield tag="040" ind1=" " ind2=" ">
    <subfield code="a">DLC</subfield>
    <subfield code="b">eng</subfield>
    <subfield code="e">rda</subfield>
    <subfield code="c">DLC</subfield>
  </datafield>
  <datafield tag="100" ind1="1" ind2=" ">
    <subfield code="a">Jatraningrum, Diah Anggraeni</subfield>
  </datafield>
  <datafield tag="370" ind1=" " ind2=" ">
    <subfield code="c">Indonesia</subfield>
  </datafield>
  <datafield tag="373" ind1=" " ind2=" ">
    <subfield code="a">Lembaga Ilmu Pengetahuan Indonesia</subfield>
    <subfield code="s">2008</subfield>
    <subfield code="2">naf</subfield>
  </datafield>
  <datafield tag="374" ind1=" " ind2=" ">
    <subfield code="a">Researcher</subfield>
  </datafield>
  <datafield tag="375" ind1=" " ind2=" ">
    <subfield code="a">female</subfield>
  </datafield>
  <datafield tag="377" ind1=" " ind2=" ">
    <subfield code="a">ind</subfield>
  </datafield>
  <datafield tag="400" ind1="0" ind2=" ">
    <subfield code="a">Diah Anggraeni Jatraningrum</subfield>
  </datafield>
  <datafield tag="670" ind1=" " ind2=" ">
    <subfield code="a">Peluang adopsi inovasi berbasis data paten di bidang pangan fungsional, 2015:</subfield>
    <subfield code="b">t.p. (Diah A. Jatraningrum)</subfield>
  </datafield>
  <datafield tag="670" ind1=" " ind2=" ">
    <subfield code="a">Info. from publisher, Dec. 5, 2015</subfield>
    <subfield code="b">(fullname: Diah Aggraeni Jatraningrum; researcher of LIPI since 2008)</subfield>
  </datafield>
</record>